
@inproceedings{sandha2019smartphone,
  title={Exploiting Smartphone Peripherals for Precise Time Synchronization},
  author={Sandha, Sandeep Singh and Noor, Joseph and Anwar, Fatima M and Srivastava, Mani},
  booktitle={2019 IEEE International Conference on Embedded Software and Systems (ICESS)},
  year={2019},
  organization={IEEE}
}

@article{sridhar2016cheepsync,
  title={CheepSync: A time synchronization service for resource constrained Bluetooth LE advertisers},
  author={Sridhar, Sandeep and Misra, Prasant and Gill, Gurudatt S and Warrior, Jay},
  journal={IEEE Communications Magazine},
  volume={54},
  number={1},
  pages={136--143},
  year={2016},
  publisher={IEEE}
}

@inproceedings{elson2002fine,
  title={Fine-grained network time synchronization using reference broadcasts},
  author={Elson, Jeremy and Girod, Lewis and Estrin, Deborah},
  booktitle={ACM SIGOPS Operating Systems Review},
  volume={36},
  number={SI},
  pages={147--163},
  year={2002},
  organization={ACM}
}

@inproceedings{ganeriwal2003timing,
  title={Timing-sync protocol for sensor networks},
  author={Ganeriwal, Saurabh and Kumar, Ram and Srivastava, Mani B},
  booktitle={Proceedings of the 1st international conference on Embedded networked sensor systems},
  pages={138--149},
  year={2003},
  organization={ACM}
}

@inproceedings{lazik2015ultrasonic,
  title={Ultrasonic time synchronization and ranging on smartphones},
  author={Lazik, Patrick and Rajagopal, Niranjini and Sinopoli, Bruno and Rowe, Anthony},
  booktitle={2015 IEEE Real-Time and Embedded Technology and Applications Symposium},
  pages={108--118},
  year={2015},
  organization={IEEE}
}
